% Encoding: UTF-8

@article{zhang2021short,
  title={Short and Long Range Relation Based Spatio-Temporal Transformer for Micro-Expression Recognition},
  author={Zhang, Liangfei and Hong, Xiaopeng and Arandjelovic, Ognjen and Zhao, Guoying},
  journal={arXiv preprint arXiv:2112.05851},
  year={2021}
}

@inproceedings{wang2020micro,
  title={Micro-expression Video Clip Synthesis Method based on Spatial-temporal Statistical Model and Motion Intensity Evaluation Function},
  author={Wang, Lei and Hou, Jialu and Guo, Xingbei and Ma, Ziping and Liu, Xiyao and Fang, Hui},
  booktitle={2020 IEEE International Conference on Systems, Man, and Cybernetics (SMC)},
  pages={211--217},
  year={2020},
  organization={IEEE}
}

@article{faceplusplus,
  author          = {M. Inc.},
  title           = {Face++ research toolkit},
  year            = {2013. Available: www.faceplusplus.com},
  journal         = {[Online]}
}

@inproceedings{lei2021FGRMER,
  title={Micro-expression recognition based on facial graph representation learning and facial action unit fusion},
  author={Lei, Ling and Chen, Tong and Li, Shigang and Li, Jianfeng},
  booktitle={Proceedings of the IEEE/CVF Conference on Computer Vision and Pattern Recognition},
  pages={1571--1580},
  year={2021}
}

@article{huang2020rife,
  title={Rife: Real-time intermediate flow estimation for video frame interpolation},
  author={Huang, Zhewei and Zhang, Tianyuan and Heng, Wen and Shi, Boxin and Zhou, Shuchang},
  journal={arXiv preprint arXiv:2011.06294},
  year={2020}
}

